% This file was created with JabRef 2.10.
% Encoding: Cp1252

@book{miller2001bluetooth,
	title={Bluetooth revealed: the insider's guide to an open specification for global wireless communication},
	author={Miller, Brent A and Bisdikian, Chatschik},
	year={2001},
	publisher={Prentice Hall PTR}
}

@incollection{abuzneid2008multiplexing,
	title={Multiplexing Overlays on Bluetooth},
	author={Abuzneid, Abdelshakour and Patel, Sarosh and Mohammed, Viqar U and Godula, Varun Kumar},
	booktitle={Novel Algorithms and Techniques In Telecommunications, Automation and Industrial Electronics},
	pages={375--383},
	year={2008},
	publisher={Springer}
}

@article{mcdermott2004bluetooth,
	title={Bluetooth scatternet models},
	author={McDermott-Wells, Patricia},
	journal={IEEE potentials},
	volume={23},
	number={5},
	pages={36--39},
	year={2004},
	publisher={IEEE}
}